%% This BibTeX bibliography file was created using BibDesk.
%% http://bibdesk.sourceforge.net/


%% Created for Eva Arroyo at 2017-03-09 00:33:33 -0500 


%% Saved with string encoding Unicode (UTF-8) 



@article{mosseler2003,
	Author = {Mosseler, Alex and Lynds, JA and Major, JE},
	Date-Added = {2017-03-09 05:29:24 +0000},
	Date-Modified = {2017-03-09 05:30:23 +0000},
	Journal = {Environmental Reviews},
	Pages = {S47--S77},
	Title = {Old-growth forests of the Acadian Forest Region},
	Volume = {11},
	Year = {2003}}

@article{gibbs2007,
	Author = {Gibbs, Holly K and Brown, Sandra and Niles, John O and Foley, Jonathan A},
	Date-Added = {2017-03-09 04:54:06 +0000},
	Date-Modified = {2017-03-09 04:55:20 +0000},
	Journal = {Environmental Research Letters},
	Number = {4},
	Title = {Monitoring and estimating tropical forest carbon stocks: making REDD a reality},
	Volume = {2},
	Year = {2007}}

@article{baltsavias1999,
	Annote = {@article{baltsavias1999airborne,
  title={Airborne laser scanning: basic relations and formulas},
  author={Baltsavias, Emmanuel P},
  journal={ISPRS Journal of photogrammetry and remote sensing},
  volume={54},
  number={2},
  pages={199--214},
  year={1999},
  publisher={Elsevier}
}},
	Author = {Baltsavias, Emmanuel P},
	Date-Added = {2017-03-09 04:38:01 +0000},
	Date-Modified = {2017-03-09 04:39:38 +0000},
	Journal = {ISPRS Journal of photogrammetry and remote sensing},
	Number = {2},
	Pages = {199--214},
	Title = {Airborne laser scanning: basic relations and formulas},
	Volume = {54},
	Year = {1999}}
