@ARTICLE {1,
    author  = "John F. Weishampel, Jason B. Drake, Amanda Cooper, J. Bryan Blair, Michelle Hofton c",
    title   = "Forest canopy recovery from the 1938 hurricane and subsequent salvage damage measured with airborne LiDAR",
    journal = "Remote Sensing of Environment",
    year    = "2007",
    volume  = "109",
    pages   = "142-153",
    month   = "dec"
}
@ARTICLE {2,
    author  = "John A. Gamon, Christopher B. Field, Michael L. Goulden, Kevin L. Griffin, Anne E. Hartley, Geeske Joel, Josep Peñuelas and Riccardo Valentini",
    title   = "Relationships Between NDVI, Canopy Structure, and Photosynthesis in Three Californian Vegetation Types",
    journal = "Ecological Applications",
    year    = "1995",
    volume  = "5",
    number  = "1",
    pages   = "28-41",
    month   = "feb"
}
@ARTICLE {3,
    author  = "Lim, Kevin, Paul Treitz, Michael Wulder, Benoît St-Onge, and Martin Flood",
    title   = "LiDAR Remote Sensing of Forest Structure.",
    journal = "Progress in Physical Geography",
    year    = "2003",
    volume  = "27",
    number  = "1",
    pages   = "88-106",
    month   = "mar"
}
@ONLINE {4,
    title = "Harvard Forest - HARV",
    year  = "2017",
    url   = "http://www.neonscience.org/science-design/field-sites/harvard-forest"
}
@ARTICLE {5,
    author  = "Wright, Joseph S.",
    title   = "Plant Diversity in Tropical Forests: A Review of Mechanisms of Species Coexistence.",
    journal = "Oecologia",
    volume  = "130",
    number  = "1",
    pages   = "1-14",
    month   = "jan"
}
@ONLINE {6,
    author = "Deepanshu Bhalla",
    title  = "Support Vector Machine Simplified using R.",
    year   = "2017",
    url    = "http://www.listendata.com/2017/01/support-vector-machine-in-r-tutorial.html"
}
@ONLINE {7,
    author = "Nate Strawn",
    url    = "https://d1b10bmlvqabco.cloudfront.net/attach/j1m8suensxh6ez/ho32xurye2y7nv/j1o35t5rkuhu/morseFiltration2D.m."
}